@ARTICLE{Tir,
  author =       {B\'{e}nabou, R. and Tirole, J.},
  title =        {Incentives and Prosocial Behavior},
  journal =      {American Economic Review},
  year =         {2006},
  volume =       {96},
  number =       {5},
  pages =        {1652-1678}}

@ARTICLE{Ak,
  author =       {Akerlof, G.},
  title =        {The Markets for Lemons: Quality Uncertainty and the Market Mechanism},
  journal =      {The Quarterly Journal of Economics},
  year =         {1970},
  volume =       {84},
  number =       {3},
  pages =        {488-500}}
