@article{AlesinaDivision,
title={Public Goods and Ethnic Divisions.},
author={Alberto Alesina and Reza Baqir and William Easterly},
journal={The Quarterly Journal of Economics},
volume={114},
number={4},
pages={1243-1284},
year={1999},
publisher={Oxford University Press},}

@article{WhyUndermine,
title={Why Does Ethnic Diversity Undermine Public Goods Provision?},
author={James Habyarimanaa and Macartan Humphreys and Daniel N. Posner and Jeremy M. Weinstein},
journal={The American Political Science Review},
volume={101},
number={4},
pages={709-725},
year={2007},
publisher={American Political Science Association},}

@article{Difference,
title={Economic versus Cultural Differences: Forms of Ethnic Diversity and Public Goods Provision},
author={Kate Baldwin and John D. Huber},
journal={The American Political Science Review},
volume={104},
number={4},
pages={644-662},
year={2010},
publisher={American Political Science Association},}

@article{Reynal-Querol,
title={Ethnic Polarization, Potential Conflict and Civil War},
author={Jose G. Montalvo and Marta Reynal-Querol},
journal={American Economic Review},
volume={95},
number={3},
year={2005},}

@article{EstebanRayConflict,
title={Polarization, Fractionalization and Conflict},
author={Joan Esteban and Debraj Ray},
journal={Journal of Peace Research},
volume={45},
number={2},
pages={163-182},
year={2008},
publisher={Sage Publications, Inc.},}

\begin{comment}

@article{Dasgupta,
title={Community and class antagonism},
author={Indraneel Dasgupta and Ravi Kanbur},
journal={Journal of Public Economics},
volume={91},
number={9},
pages={1816-1842},
year={2007},}

\end{comment}

@article{Cooperation,
title={Social diversity promotes the emergence of cooperation in public goods games},
author={Francisco C. Santos and Marta D. Santos and Jorge M. Pacheco},
journal={Nature},
volume={454},
pages={213–216},
year={2008},}

@article{Kenya,
title={Ethnic diversity, social sanctions, and public goods in Kenya},
author={Edward Miguel and Mary Kay Gugerty},
journal={Journal of Public Economics},
volume={89},
number={11-12},
pages={2325-2368},
year={2005},}

@article{Indonesia,
title={Public Goods and Ethnic Diversity: Evidence from Deforestation in Indonesia},
author={Alberto Alesina and Caterina Gennaioli and Stefania Lovo},
journal={Economica},
volume={86},
number={341},
pages={32-66},
year={2019},}

@article{Africa,
title={Africa's Growth Tragedy: Policies and Ethnic Divisions},
author={William Easterly and Ross Levine},
journal={The Quarterly Journal of Economics},
volume={112},
number={4},
pages={1203-1250},
year={1997},
publisher={Oxford University Press},}

@article{EstebanRay,
title={On the Measurement of Polarization},
author={Joan Esteban and Debraj Ray},
journal={Econometrica},
volume={62},
number={4},
pages={819-851},
year={1994},
publisher={The Econometric Society},}

@article{Refuges,
title={Ethnic diversity and attitudes towards refugees},
author={Liza G. Steele and Lamis Abdelaaty},
journal={Journal of Ethnic and Migration Studies},
volume={45},
number={11},
pages={1833-1856},
year={2019},}

@article{Foreign,
title={Economic Strain, Education and Attitudes Towards Foreigners in the European Union},
author={Ira Gang and Francisc Rivera-Batiz and Myeng‐Su Yun},
journal={Review of International Economics},
volume={21},
number={2},
year={2013},}

@article{Russia,
author = {Leonid Limonov and Marina Nesena},
title = {Regional cultural diversity in Russia: does it matter for regional economic performance?},
journal = {Area Development and Policy},
volume = {1},
number = {1},
pages = {63-93},
year  = {2016},
publisher = {Routledge},
doi = {10.1080/23792949.2016.1164016},}

@article{BBV,
title = {On the private provision of public goods},
journal = {Journal of Public Economics},
volume = {29},
number = {1},
pages = {25-49},
year = {1986},
author = {Theodore Bergstrom and Lawrence Blume and Hal Varian},
}

@article{BreakUp,
author = {Klaus Desmet and Michel Le Breton and Ignacio Ortuño-Ortín and Shlomo Weber},
journal = {Journal of Economic Growth},
number = {3},
pages = {183--213},
publisher = {Springer},
title = {The stability and breakup of nations: a quantitative analysis},
volume = {16},
year = {2011}
}

@article {prop,
	title = {The Propensity Score with Continuous Treatments},
	year = {2004},
	author = {Guido Imbens and Keisuke Hirano}
}

@article{package,
author = {Michela Bia and Alessandra Mattei},
title ={A Stata Package for the Estimation of the Dose-response Function through Adjustment for the Generalized Propensity Score},
journal = {The Stata Journal},
volume = {8},
number = {3},
pages = {354-373},
year = {2008},
}

@article{Samuelson,
 author = {Paul A. Samuelson},
 journal = {The Review of Economics and Statistics},
 number = {4},
 pages = {387--389},
 publisher = {The MIT Press},
 title = {The Pure Theory of Public Expenditure},
 volume = {36},
 year = {1954}
}

@article{transfer,
author = {Klaus Desmet and Ignacio Ortuño-Ortín and Shlomo Weber},
journal = {Social Choice and Welfare},
number = {3/4},
pages = {787--823},
publisher = {Springer},
title = {Peripheral diversity: transfers versus public goods},
volume = {49},
year = {2017}
}

@article{alpha,
author = {Denis Davydov and Shlomo Weber},
year = {2016},
month = {08},
pages = {},
title = {A simple characterization of the family of diversity indices},
volume = {147},
journal = {Economics Letters},
}