@article{cheng_flats,
author = {Cheng, Xusen and Fu, Shixuan and Sun, Jianshan and Bilgihan, Anil and Okumus, Fevzi},
year = {2019},
month = {04},
pages = {366-377},
title = {An investigation on online reviews in sharing economy driven hospitality platforms: A viewpoint of trust},
volume = {71},
journal = {Tourism Management},
doi = {10.1016/j.tourman.2018.10.020}
}

@article{sun_helpful,
author = {Sun, Xinyu and Han, Maoxin and Feng, Juan},
year = {2019},
month = {07},
pages = {113099},
title = {Helpfulness of online reviews: Examining review informativeness and classification thresholds by search products and experience products},
volume = {124},
journal = {Decision Support Systems},
doi = {10.1016/j.dss.2019.113099}
}


@article{sahoo_reviews,
author = {Sahoo, Nachiketa and Dellarocas, Chrysanthos and Srinivasan, Shuba},
year = {2018},
month = {06},
pages = {},
title = {The Impact of Online Product Reviews on Product Returns},
volume = {29},
journal = {Information Systems Research},
doi = {10.1287/isre.2017.0736}
}

@article{hong_visual,
author = {Hong, Kevin and Pavlou, Paul},
year = {2014},
month = {04},
pages = {},
title = {Product Fit Uncertainty in Online Markets: Nature, Effects and Antecedents},
volume = {25},
journal = {Information Systems Research},
doi = {10.1287/isre.2014.0520}
}

@article{de_zoom_technologies,
author = {De, Prabuddha and Hu, Yu and Rahman, Mohammad},
year = {2013},
month = {03},
pages = {},
title = {Product-Oriented Web Technologies and Product Returns: An Exploratory Study},
volume = {24},
journal = {Information Systems Research},
doi = {10.2139/ssrn.2077135}
}

@article{dzyabura_image_ml,
author = {Dzyabura, Daria and El Kihal, Siham and Ibragimov, Marat},
year = {2019},
month = {09},
pages = {},
title = {Leveraging the Power of Images in Predicting Product Return Rates},
journal = {SSRN Electronic Journal},
doi = {10.2139/ssrn.3209307}
}

@article{anderson_model,
author = {Anderson, Eric and Hansen, Karsten and Simester, Duncan},
year = {2009},
month = {05},
pages = {405-423},
title = {The Option Value of Returns: Theory and Empirical Evidence},
volume = {28},
journal = {Marketing Science},
doi = {10.1287/mksc.1080.0430}
}

@article{flavian_pos_reviews,
author = {Flavian, Carlos and Gurrea, Raquel and Or√∫s, Carlos},
year = {2016},
month = {09},
pages = {},
title = {Choice confidence in the webrooming purchase process: The impact of online positive reviews and the motivation to touch: Choice confidence in the webrooming process},
volume = {15},
journal = {Journal of Consumer Behaviour},
doi = {10.1002/cb.1585}
}


@article{bower_return,
author = {Bower, Amanda and Maxham, James},
year = {2012},
month = {09},
pages = {},
title = {Return Shipping Policies of Online Retailers: Normative Assumptions and the Long-Term Consequences of Fee and Free Returns},
volume = {76},
journal = {Journal of Marketing},
doi = {10.1509/jm.10.0419}
}

@article{hua_return,
author = {Hua, Zhongsheng and Hou, Huijun and Bian, Yiwen},
year = {2016},
month = {06},
pages = {1-18},
title = {Optimal Shipping Strategy and Return Service Charge Under No-Reason Return Policy in Online Retailing},
volume = {PP},
journal = {IEEE Transactions on Systems, Man, and Cybernetics: Systems},
doi = {10.1109/TSMC.2016.2564920}
}

@article{li_return,
author = {Li, Yiming and Li, Gang and Tayi, Giri and Cheng, T. C. E.},
year = {2021},
month = {03},
pages = {},
title = {Return Shipping Insurance: Free Versus For-a-fee?},
volume = {235},
journal = {International Journal of Production Economics},
doi = {10.1016/j.ijpe.2021.108110}
}

@article{petersen_return,
author = {Petersen, J. and Kumar, V.},
year = {2014},
month = {03},
pages = {150311072639009},
title = {Perceived Risk, Product Returns, and Optimal Resource Allocation: Evidence from a Field Experiment},
volume = {52},
journal = {Journal of Marketing Research},
doi = {10.1509/jmr.14.0174}
}

@article{wood_return,
author = {Wood, Stacy},
year = {2001},
month = {05},
pages = {157-169},
title = {Remote Purchase Environments: The Influence of Return Policy Leniency on Two-Stage Decision Processes},
volume = {38},
journal = {Journal of Marketing Research - J MARKET RES-CHICAGO},
doi = {10.1509/jmkr.38.2.157.18847}
}

@article{janakiraman_return,
author = {Janakiraman, Narayan and Syrdal, Holly and Freling, Ryan},
year = {2015},
month = {11},
pages = {},
title = {The Effect of Return Policy Leniency on Consumer Purchase and Return Decisions: A Meta-analytic Review},
journal = {Journal of Retailing},
doi = {10.1016/j.jretai.2015.11.002}
}

@article{shulman_return,
author = {Shulman, Jeffrey and Coughlan, Anne and Savaskan, R.},
year = {2009},
month = {10},
pages = {577-594},
title = {Optimal Restocking Fees and Information Provision in an Integrated Demand-Supply Model of Product Returns},
volume = {11},
journal = {Manufacturing & Service Operations Management},
doi = {10.1287/msom.1090.0256}
}


% ADDITIONAL
@article{wsj,
author = {Kapner, Suzanne and  Ziobro, Paul},
year = {2021},
month = {January},
title = {Amazon, Walmart Tell Consumers to Skip Returns of Unwanted Items},
journal = {Wall Street Journal},
url = "https://www.wsj.com/articles/amazon-walmart-tell-consumers-to-skip-returns-of-unwanted-items-11610274600?mod=pls_whats_news_us_business_f"
}

@article{exp_search_goods,
author = {Nelson, Phillip},
year = {1970},
month = {02},
pages = {311-29},
title = {Information and Consumer Behavior},
volume = {78},
journal = {Journal of Political Economy},
doi = {10.1086/259630}
}

@article{fit_context,
        author={Wang, Y. and Ramachandran, V. and Liu Sheng,O. R.},
        year={2021},
        title={Do fit opinions matter? The impact of fit context on online product returns},
        journal={Information Systems Research},
        volume={32},
        number={1},
        pages={268-289},
        doi = {10.1287/isre.2020.0965}
}

@misc{visual_text,
        author={Ceylan, G. and Diehl, K. and Proserpio, D.},
        month={07},
        year={2021},
        title={Words Meet Photos: When and Why Visual Content Increases Review Helpfulness},
        doi = {10.1287/isre.2020.0965},
        howpublished="\url{https://ssrn.com/abstract=3896569}"
}